<collection xmlns="http://www.loc.gov/MARC21/slim">
<record>
  <leader>00241na 0a22000851i 450 </leader>
  <controlfield tag="001">IT\ICCU\CNCE\072807</controlfield>
  <controlfield tag="005">20100908000000.0</controlfield>
  <datafield tag="100" ind1=" " ind2=" ">
    <subfield code="a">20080418             0itac0103    ba</subfield>
  </datafield>
  <datafield tag="200" ind1="1" ind2=" ">
    <subfield code="a">crudele et aspre battaglie del caualier de l&apos;Orsa</subfield>
  </datafield>
  <datafield tag="801" ind1=" " ind2="3">
    <subfield code="a">IT</subfield>
    <subfield code="b">ICCU</subfield>
    <subfield code="c">20201115</subfield>
  </datafield>
</record>
</collection>
